@book{texbook,
  author = {Donald E. Knuth},
  year = {1986},
  title = {The {\TeX} Book},
  publisher = {Addison-Wesley Professional}
}

% Example for Website
@online{google, 
  author  = {Buckley, Alastair and nee Hall, Lisa Clark and {Colantuono, Giuseppe Everard}, Aldous}, 
  file    = {:Users/Desktop/Downloaded/85c4687c.html:html}, 
  title   = {{The Sheffield Solar Farm}}, 
  url     = {http://www.sheffieldsolarfarm.group.shef.ac.uk/solar-panel-data}, 
  urldate = {2013-05-16}, 
}

@online{wide_wallpaper,
    author = {Anomymous},
    title = {Wallpapers},
    url = {https://wallpapercave.com/wide-anime-wallpapers},
    urldate = {2022-12-06},
}